@article{Einstein1926,
  author  = {Albert Einstein},
  title   = {Die Ursache der Mäanderbildung der Flußläufe und des sogenannten Baerschen Gesetzes},
  journal = {Die Naturwissenschaften},
  volume  = {14},
  number  = {11},
  pages   = {223--224},
  year    = {1926},
  doi     = {10.1007/BF01510300}
}
